%% Last updated January 8, 2016

@article{Albert15,
    title = {{Improved component predictions of batting measures}},
    author = {Albert, Jim},
    year = {2015},
    journal = {arXiv preprint arXiv:1505.05557}
}

@article{Brown08,
    title = {{In-season prediction of batting averages:
        A field test of empirical Bayes and Bayes methodologies}},
    author = {Brown, Lawrence D},
    year = {2008},
    journal = {The Annals of Applied Statistics},
    volume = {2},
    number = {1},
    pages = {113--152}
}

@article{Carleton12,
    title = {{It's a small sample size after all}},
    author = {Carleton, Russell},
    year = {2012},
    journal = {Baseball Prospectus},
    month = {July},
    day = {16},
    note = {http://www.baseballprospectus.com/article.php?articleid=17659}
}

@misc{FanGraphs,
    author = {FanGraphs},
    year = {2015},
    title = {Major League Leaderboards},
    note = {http://www.fangraphs.com/leaders.aspx}
}

@article{glmnet,
    author = {Friedman, Jerome and Hastie, Trevor J and Tibshirani, Robert J},
    title = {{Regularization paths for generalized linear models via coordinate
        descent}},
    journal = {Journal of Statistical Software},
    year = {2010},
    volume = {33},
    number = {1},
    pages = {1--22}
}

@article{Judge15,
    title = {{DRA: An in-depth discussion}},
    author = {Judge, Jonathan and {BP Stats Team}},
    year = {2015},
    journal = {Baseball Prospectus},
    month = {April},
    day = {29}
}

@misc{lme4,
    title = {{lme4}: Linear mixed-effects models using Eigen and S4},
    year = {2014},
    author = {Bates, Douglas and Maechler, Martin and Bolker, Benjamin M and
        Walker, Steven},
    note = {ArXiv e-print; submitted to \emph{Journal of Statistical Software}},
    url = {http://arxiv.org/abs/1406.5823}
}

@article{Neal.etal10,
    title = {{Simply better:
        Using regression models to estimate major league batting averages}},
    author = {Neal, Dan and Tan, James and Hao, Feng and Wu, Samuel S},
    year = {2010},
    journal = {Journal of Quantitative Analysis in Sports},
    volume = {6},
    number = {3}
}

@article{Null09,
    title = {{Modeling baseball player ability with a nested dirichlet
        distribution}},
    author = {Null, Brad},
    year = {2009},
    journal = {Journal of Quantitative Analysis in Sports},
    volume = {5},
    number = {2}
}

@book{TheBook,
    title = {{The Book: Playing the percentages in baseball}},
    author = {Tango, Tom M and Lichtman, Mitchel G and Dolphin, Andrew E},
    year = {2007},
    publisher = {Potomac Books}
}

@misc{wOBAweights,
    author = {FanGraphs},
    year = {2016},
    title = {wOBA},
    publisher = {FanGraphs Sabermetric Library},
    note = {http://www.fangraphs.com/library/offense/woba/}
}


